

2.14.1 顺序编码制

@book{sunliguang2016jidi,
  editor    = {孙立广},
  title     = {极地科学前沿与热点：顶级期刊论文摘要汇编（1999—2010）},
  address   = {合肥},
  publisher = {中国科学技术大学出版社},
  year      = {2016},
  pages     = {222}
}

@book{liyongchi2016zhangliang,
  author    = {李永池},
  title     = {张量初步和近代连续介质力学概论},
  edition   = {2},
  address   = {合肥},
  publisher = {中国科学技术大学出版社},
  year      = {2016},
  pages     = {61}
}

@book{liujingshuang2014shidi,
  author    = {刘景双},
  title     = {湿地生态系统碳、氮、硫、磷生物地球化学过程},
  address   = {合肥},
  publisher = {中国科学技术大学出版社},
  year      = {2014}
}

@book{crawford1995future,
  author    = {Crawford, Walt and Gorman, Michael},
  title     = {Future Libraries: Dreams, Madness, \& Reality},
  address   = {Chicago},
  publisher = {American Library Association},
  year      = {1995}
}

@book{ifla1977names,
  author    = {{International Federation of Library Association and Institutions}},
  title     = {Names of Persons: National Usage for Entry in Catalogues},
  edition   = {3},
  address   = {London},
  publisher = {IFLA Internation Office for UBC},
  year      = {1977}
}

@incollection{chenggenwei1999hongshui,
  author    = {程根伟},
  title     = {1998年长江洪水的成因与减灾对策},
  editor    = {许厚泽 and 赵其国},
  booktitle = {长江流域洪涝灾害与科技对策},
  address   = {北京},
  publisher = {科学出版社},
  year      = {1999},
  pages     = {26--32}
}

@incollection{chenjinbiao1980jixian,
  author    = {陈晋镳 and 张惠民 and 朱士兴 and 赵震 and 王振刚},
  title     = {蓟县震旦亚界研究},
  editor    = {中国地质科学院天津地质矿产研究所},
  booktitle = {中国震旦亚界},
  address   = {天津},
  publisher = {天津科学技术出版社},
  year      = {1980},
  pages     = {56--114}
}

@incollection{buseck2018subsolidus,
  title     = {Subsolidus Phenomena in Pyroxenes},
  author    = {Buseck, Peter R and Nord, Jr., Gordon L and Veblen, David R},
  editor    = {Charles T. Prewitt},
  booktitle = {Pyroxenes},
  address   = {Washington, D.C.},
  publisher = {Mineralogical Society of America},
  year      = {1980},
  pages     = {117--212}
}

@inproceedings{fourney1971advances,
  author    = {Fourney, M E},
  title     = {Advances in Holographic Photoelasticity},
  booktitle = {American Society of Mechanical Engineers．Applied Mechanics Division．Symposium on Applications of Holography in Mechanics, August 23-25,1971,University of Southern California, Los Angeles, California},
  address   = {New York},
  publisher = {ASME},
  year      = {1971},
  pages     = {17--38}
}

@article{kongqingyong2015keji,
  author  = {孔庆勇 and 郭红健 and 孔庆和},
  title   = {我国科技期刊的金字塔分层模型及发展路径初探},
  journal = {中国科技期刊研究},
  year    = {2015},
  volume  = {26},
  number  = {10},
  pages   = {1100--1103}
}

@article{yanghongsheng2013siku,
  author  = {杨洪升},
  title   = {四库馆私家抄校书考略},
  journal = {文献},
  year    = {2013},
  number  = {1},
  pages   = {56--75}
}

@article{yuxiao2012hulianwang,
  author  = {于潇 and 刘义 and 柴跃廷 and others},
  title   = {互联网药品可信交易环境中主体资质审核备案模式},
  journal = {清华大学学报(自然科学版)},
  year    = {2012},
  volume  = {52},
  number  = {11},
  pages   = {1518--1521}
}

@article{desmarais1992carbon,
  author  = {Des Marais, David J and Strauss, H and Summons, R E and others},
  title   = {Carbon Isotope Evidence for the Stepwise Oxidation of the Proterozoic Environment},
  journal = {Nature},
  year    = {1992},
  volume  = {359},
  pages   = {605--609}
}

@article{hewitt1984technical,
  title   = {Technical Services in 1983},
  author  = {HEWITT, Joe A},
  journal = {Library Resource Services},
  year    = {1984}
}

@newspaper{dingwenxiang2000shuzi,
  author  = {丁文详},
  title   = {数字革命与竞争国际化},
  journal = {中国青年报},
  year    = {2000},
  date    = {2000-11-20},
  number  = {15}
}

@patent{jiangxizhou1989waifu,
  author  = {姜锡洲},
  title   = {一种温热外敷药制备方案},
  address = {中国},
  number  = {88105607.3},
  year    = {1989},
  date    = {1989-07-26}
}

@database{wanjinkun1996wenzhai,
  author    = {万锦坤},
  title     = {中国大学学报论文文摘（1983--1993）（英文版）},
  medium    = {CD},
  address   = {北京},
  publisher = {中国大百科全书出版社},
  year      = {1996}
}

@article{christine1998plant,
  title   = {Plant physiology: Plant Biology in the {Genome Era}},
  author  = {Mlot, Christine},
  journal = {Science},
  volume  = {281},
  pages   = {331--332},
  year    = {1998},
  urldate = {1998-09-23}
}

@phdthesis{sunyuwen2000hanyu,
  author  = {孙玉文},
  title   = {汉语变调构词研究},
  address = {北京},
  school  = {北京大学},
  year    = {2000}
}

@phdthesis{cairns1965infrared,
  author  = {Cairns, Bruce Richard},
  title   = {Infrared Spectroscopic Studies of Solid Oxygen},
  address = {Berkeley},
  school  = {Univ. of California},
  date    = {1965}
}

@proceedings{lixuexuehui1990lunwenji,
  title   = {第 3 届全国实验流体力学学术会议论文集},
  editor  = {中国力学学会},
  address = {天津},
  year    = {1990}
}

@proceedings{rosenthall1963mathematical,
  editor    = {Rosenthall, Edward M},
  title     = {Proceedings of the {Fifth Canadian Mathematical Congress}, {University of Montreal}, 1961},
  address   = {Toronto},
  publisher = {University of Toronto Press},
  year      = {1963}
}

@article{DZYX20250507002,
  author  = { 赵海涛 and  刘颖 and  王琴 and  刘淼 and  朱洪波 },
  title   = {无人机-卫星辅助去蜂窝大规模MIMO系统中无人机部署和功率优化},
  journal = {电子与信息学报},
  pages   = {1-9},
  issn    = {1009-5896}
}
@misc{SCSF00088414,
  author    = { 史航 and  程强 and  苟书智 and  曾焱 and  许勇 and  沈大为 },
  title     = {基于公用电信网的宽带客户网络联网技术要求　多入多出(MIMO)的通用介质有线联网},
  edition   = {GB/T 42891-2023},
  year      = {2023},
  publisher = {国家市场监督管理总局;国家标准化管理委员会}
}
@techreport{TXCY202504210030,
  author      = { 党博文 },
  title       = {一场“表面”下的通信变革},
  institution = {通信产业报},
  year        = {2025-04-21}
}
@book{cho2010mimo,
  title     = {MIMO-OFDM Wireless Communications with MATLAB{\textregistered}},
  author    = {Cho, Yong Soo and Kim, Jaekwon and Yang, Won Young and Kang, Chung G.},
  publisher = {Wiley-IEEE Press},
  year      = {2010},
  pages     = {544},
  isbn      = {9780470825617},
  eisbn     = {9780470825624},
  doi       = {10.1002/9780470825631},
  address   = {Chichester, UK},
  note      = {Chapters 1--16. Topics: Communication, Networking and Broadcast Technologies}
}
@article{RIS-NOMA,
  author   = {Sun, Zeyang and Xu, Sai and Xue, Qiang and Han, Shuai and Li, Cheng},
  journal  = {IEEE Transactions on Communications},
  title    = {Weighted Sum Rate Maximization for RIS Backscatter Aided NOMA Networks},
  year     = {2024},
  volume   = {},
  number   = {},
  pages    = {1-1},
  keywords = {NOMA;Backscatter;Reconfigurable intelligent surfaces;Downlink;Vectors;Optimization;Array signal processing;Weighted sum rate maximization;non-orthogonal multiple access;backscatter communication;reconfigurable intelligent surface},
  doi      = {10.1109/TCOMM.2024.3422221}
}
@inproceedings{huiyi,
  author    = {Amri, Muhammad Miftahul},
  booktitle = {2022 IEEE International Conference on Communication, Networks and Satellite (COMNETSAT)},
  title     = {Recent Trends in the Reconfigurable Intelligent Surfaces (RIS): Active RIS to Brain-controlled RIS},
  year      = {2022},
  volume    = {},
  number    = {},
  pages     = {299-304},
  keywords  = {Fading channels;Satellites;Wireless networks;Spaceborne radar;Channel estimation;Reconfigurable intelligent surfaces;Market research;Reconfigurable Intelligent Surfaces (RIS);Active RIS;RIS Control;RIS Lens;Transparent RIS;Brain-controlled RIS},
  doi       = {10.1109/COMNETSAT56033.2022.9994338}
}
@article{6G,
  author   = {Liu, Fan and Cui, Yuanhao and Masouros, Christos and Xu, Jie and Han, Tony Xiao and Eldar, Yonina C. and Buzzi, Stefano},
  journal  = {IEEE Journal on Selected Areas in Communications},
  title    = {Integrated Sensing and Communications: Toward Dual-Functional Wireless Networks for 6G and Beyond},
  year     = {2022},
  volume   = {40},
  number   = {6},
  pages    = {1728-1767},
  keywords = {Radar;Sensors;Radar antennas;Wireless communication;Radio frequency;Phased arrays;MIMO radar;Integrated sensing and communications;6G;performance tradeoff;waveform design;perceptive network},
  doi      = {10.1109/JSAC.2022.3156632}
}

